
@misc{CMSLumiPublic,
  Collaboration = {CMS},
  Title = {CMS Luminosity - Public Results},
  howpublished = {\url{http://twiki.cern.ch/twiki/bin/view/CMSPublic/LumiPublicResults}}
}

@misc{SketchupCMS,
  author={Tai Sakuma and Thomas McCauley},
  title={Detector and Event Visualization with SketchUp at the CMS Experiment},
  journal={Journal of Physics: Conference Series},
  volume={513},
  number={2},
  pages={022032},
  url={http://stacks.iop.org/1742-6596/513/i=2/a=022032},
  year={2014},
}

@article{LHC_machine,
  author={L. Evans and P. Bryant},
  title={LHC Machine},
  journal={JINST},
  volume={3},
  number={08},
  pages={S08001},
  doi="10.1088/1748-0221/3/08/S08001",
  year={2008},
  abstract={}
}

@techreport{LHC_design_report,
  author        = "Benedikt, Michael and others",
  title         = "{LHC Design Report}",
  publisher     = "CERN",
  address       = "Geneva",
  year          = "2004",
  number        = "CERN-2004-003-V-3",
  url  = "https://cds.cern.ch/record/823808",
}

@techreport{CERN_accelerator_complex,
  author        = "Christiane Lef\`evre",
  title         = "{The CERN accelerator complex. Complexe des
    acc\'el\'erateurs du CERN.}",
  month         = "Dec",
  institution   = "CERN",
  address       = "Geneva",
  year          = "2008",
  number  = "CERN-DI-0812015",
  url           = "https://cds.cern.ch/record/1260465",
}

@article{CMSatLHC,
  collaboration         = "CMS",
  title          = "{The CMS experiment at the CERN LHC}",
  journal        = "JINST",
  volume         = "3",
  pages          = "S08004",
  doi            = "10.1088/1748-0221/3/08/S08004",
  year           = "2008",
  SLACcitation   = "%%CITATION = JINST,3,S08004;%%",
}

@article{AtlasatLHC,
  author        ="{ATLAS Collaboration}",
  title         = "{The ATLAS Experiment at the CERN Large Hadron Collider}",
  journal       = "JINST",
  volume        = "3",
  pages         = "S08003",
  year          = "2008",
  doi="10.1088/1748-0221/3/08/S08003",
}

@book{CMSPhysics,
  title         = "{CMS Physics: Technical Design Report Volume 1: Detector
    Performance and Software}",
publisher     = "CERN",
collaboration = "CMS",
address       = "Geneva",
series        = "Technical Design Report CMS",
year          = "2006",
url           = "https://cds.cern.ch/record/922757",
}

@article{Yoke,
  author={CMS Collaboration},
  title={Precise mapping of the magnetic field in the CMS barrel yoke using cosmic rays},
  journal={Journal of Instrumentation},
  volume={5},
  number={03},
  pages={T03021},
  url={http://stacks.iop.org/1748-0221/5/i=03/a=T03021},
  year={2010}
}

@book{CMSTrackerTDR,
  title         = "{The CMS tracker system project: Technical Design Report}",
  publisher     = "CERN",
  collaboration = "CMS",
  address       = "Geneva",
  series        = "Technical Design Report CMS",
  year          = "1997",
  url           = "https://cds.cern.ch/record/368412",
}

@book{CMSEcalTDR,
  title         = "{The CMS electromagnetic calorimeter project: Technical
    Design Report}",
publisher     = "CERN",
collaboration = "CMS",
address       = "Geneva",
series        = "Technical Design Report CMS",
year          = "1997",
}

@book{cmsHcal,
  title         = "{The CMS hadron calorimeter project: Technical Design
    Report}",
publisher     = "CERN",
author = "{CMS Collaboration}",
address       = "Geneva",
series        = "Technical Design Report CMS",
year          = "1997",
}

@book{cmsMuon,
  title         = "{The CMS muon project: Technical Design Report}",
  publisher     = "CERN",
  collaboration = "CMS",
  address       = "Geneva",
  series        = "Technical Design Report CMS",
  year          = "1997",
}

@article{ecalShower,

  title ="{A Review of clustering algoritms and energy corrections
    in the Electromagnetic Calorimeter}",
journal = "CERN",
collaboration = "CMS",
author ="Anderson, M. and others",
Volume = "CMS Internal Note",
year = "2010/008",
}

@article{trigger,
      author         = "Khachatryan, Vardan and others",
      title          = "{The CMS trigger system}",
      collaboration  = "CMS",
      journal        = "JINST",
      volume         = "12",
      year           = "2017",
      number         = "01",
      pages          = "P01020",
      doi            = "10.1088/1748-0221/12/01/P01020",
      eprint         = "1609.02366",
      archivePrefix  = "arXiv",
      primaryClass   = "physics.ins-det",
      reportNumber   = "CMS-TRG-12-001, CERN-EP-2016-160",
      SLACcitation   = "%%CITATION = ARXIV:1609.02366;%%"
}

@article{cmsEcalCalibration,
  author         = "Chatrchyan, Serguei and others",
  title          = "{Energy Calibration and Resolution of the CMS
    Electromagnetic Calorimeter in $pp$ Collisions at
    $\sqrt{s} = 7$ TeV}",
collaboration  = "CMS",
journal        = "JINST",
volume         = "8",
year           = "2013",
pages          = "P09009",
doi            = "10.1088/1748-0221/8/09/P09009",
note           = "[JINST8,9009(2013)]",
eprint         = "1306.2016",
archivePrefix  = "arXiv",
primaryClass   = "hep-ex",
reportNumber   = "CMS-EGM-11-001, CERN-PH-EP-2013-097",
SLACcitation   = "%%CITATION = ARXIV:1306.2016;%%"
}
